2850 4567
1186 512 1613 575 -25-

395 705 529 761 tum
571 696 872 760 Tiberium
888 742 904 768 ‚
960 694 1379 776 imperatorem
1422 696 1784 759 Graecorum
1836 694 2101 776 religioni
2142 702 2267 758 tam
2309 695 2416 758 de-

393 852 583 915 ditum
627 850 812 913 fuisse
855 849 1140 925 videmus,
1184 856 1253 914 ut
1294 859 1592 913 censeret:

376 967 384 974 ι
1071 1005 1247 1079 „fato
1292 1004 1493 1067 omnia
1535 1004 1725 1085 regi.“

424 1201 431 1212 =
516 1160 596 1224 Et
635 1160 900 1234 Ernesti,
944 1161 1033 1223 vir
1073 1160 1520 1233 seleberrimus‚
1565 1160 1696 1241 qui,
1738 1166 1806 1222 ut
1848 1158 2067 1233 omnia,
2112 1161 2195 1224 ita
2236 1160 2415 1224 etiam

343 1321 351 1328 ’
389 1314 461 1376 de
504 1313 631 1376 fato
658 1314 953 1394 eleganter
981 1313 1259 1395 disputat.
1338 1312 1392 1374 Ε
1418 1322 1604 1374 πωπω
1629 1323 1910 1386 veterum,
1940 1312 2151 1394 inquit,
2180 1315 2416 1375 unicui-

386 1487 494 1549 que
520 1477 690 1540 ‚eram
718 1486 829 1529 aua
855 1470 1007 1547 sata,
1039 1486 1184 1548 quae
1211 1470 1269 1529 si
1293 1471 1600 1529 contraria
1629 1477 1809 1529 essent
1834 1476 1901 1529 ut
1926 1466 2179 1530 hocloco
2201 1466 2413 1530 Hecto-

272 1675 280 1682 .
385 1629 472 1687 ris
521 1634 576 1686 ee
615 1623 885 1697 Achilla,
942 1624 1103 1705 apua
1160 1623 1479 1704 vav-qaam
1520 1604 1663 1685 Aen.
1706 1622 1843 1696 xa,
1895 1622 2044 1696 149,
2089 1621 2312 1685 Ameae
2362 1631 2416 1684 et

388 1778 592 1854 Turni,
635 1784 870 1842 nemora
912 1780 1045 1859 fata
1086 1778 1471 1842 vincebamur
1514 1798 1552 1841 a
1593 1777 1936 1841 maioribus.

512 1885 658 2008 ouis
712 1932 889 2015 igitur
940 1935 1003 1997 in
1045 1934 1157 1996 hac
1183 1934 1288 1997 fati
1331 1933 1667 2015 cognitione
1708 1932 1927 1996 horum
1957 1932 2224 1996 omnium
2254 1931 2413 1995 viro-

382 2107 521 2153 rum
584 2104 708 2150 non
760 2087 1043 2169 intelliget
1099 2104 1270 2149 verae
1323 2088 1500 2150 unius
1561 2087 1654 2150 dei
1711 2086 2059 2169 cognitionis
2110 2086 2414 2169 paullatim

386 2242 680 2308 nascentis
734 2242 928 2326 posita
984 2261 1113 2306 esse
1156 2241 1321 2306 initia
1336 2238 1371 2304 ‘P
1434 2242 1540 2305 Est
1580 2242 1956 2306 desiderium·
1980 2242 2122 2307 illud
2164 2251 2226 2306 et
2266 2260 2413 2307 con-

381 2399 587 2472 tentio,
634 2416 749 2478 qua
790 2397 1063 2460 universa
1104 2394 1423 2500 antiquitas
1467 2397 1541 2459 ad
1581 2416 1782 2461 veram
1826 2396 1919 2460 dei
1961 2396 2232 2460 notitiam
2271 2397 2414 2461 eniti

377 2552 595 2618 studet.
662 2552 967 2626 Quatenus
1010 2552 1073 2615 in
1114 2552 1231 2615 hoc
1272 2552 1470 2614 studio
1514 2550 1829 2634 profecerit
1858 2550 2171 2627 Homerus,
2216 2571 2287 2616 ex
2314 2553 2407 2627 iis,

381 2728 531 2791 quae
579 2708 654 2771 de
695 2706 801 2770 fati
841 2706 1085 2769 notione
1129 2708 1285 2788 apud
1329 2726 1470 2785 eum
1514 2706 1769 2770 diximus
1783 2753 1800 2782 ‚
1853 2707 2234 2771 manifestum
2277 2708 2407 2772 fore

379 2880 707 2944 speramus.
793 2861 1034 2925 Praeter
1085 2863 1334 2925 deorum
1390 2859 1832 2926 multitudinem
1885 2862 1958 2925 ah
2013 2882 2085 2926 eo
2136 2862 2255 2926 iam
2307 2826 2408 2924 in-

380 3016 593 3081 choata
634 3023 725 3079 est
768 3015 1022 3096 cognitio
1065 3018 1243 3080 unius
1286 3017 1399 3080 dei.

507 3171 626 3233 Sed
681 3170 776 3233 his
831 3171 1080 3253 plagulis
1135 3173 1319 3235 finem
1372 3173 1772 3254 imponemus.
1859 3171 2163 3236 Veriorem
2206 3180 2404 3237 autem

379 3326 953 3408 probabilioremque
994 3327 1100 3391 fati
1142 3328 1477 3402 Homerici,
1531 3328 1584 3391 si
1625 3283 2014 3403 desideratur,
2075 3330 2401 3404 notionem,

380 3482 615 3545 videant
654 3501 755 3546 me
798 3482 1108 3547 acutiores.

1876 3894 1996 3956 2..
