2850 4567
1195 432 1687 509 ‚-2o—-
1881 489 1956 536 st,

462 614 760 680 libidinem
820 621 1074 677 mortem
1118 616 1371 696 effugere
1414 609 1767 697 potuissent.
1856 613 2081 687 Quibus
2124 612 2312 677 verb'n
2355 613 2476 676 Lu-

465 770 745 832 dovicous
797 769 1066 844 Mueller,
1097 771 1208 831 -vir
1260 769 1637 832 doctissimus
1691 769 1751 831 in
1793 764 2197 831 dissertatione
2249 784 2356 829 sua
2407 733 2514 830 de.

463 909 587 972 fato
645 908 988 981 Homerico,
1044 907 1295 972 Berolini
1347 907 1510 971 1852
1532 953 1548 981 ,
1594 904 2034 970 adnotationem
2088 902 2248 966 addit
2289 901 2476 968 hanc:

467 1063 765 1138 „Omnino
811 1062 883 1126 de
927 1061 1184 1130 Homero
1222 1063 1343 1152 jam
1383 1063 1500 1125 hoc
1540 1068 1742 1124 tenere
1786 1060 1938 1133 licet,
1970 1076 2327 1141 quamquam
2357 1076 2480 1123 non

466 1194 685 1299 ubique
736 1224 1017 1297 tanquam
1076 1234 1285 1280 norma
1342 1187 1526 1291 valet,
1582 1215 1907 1279 immeritas
1963 1219 2026 1276 et
2088 1213 2351 1295 indignas
2407 1214 2481 1277 ab

466 1374 807 1437 hominibus
849 1390 985 1434 raro
1030 1373 1319 1442 sustineri,
1350 1371 1639 1435 miserias.
1715 1372 1802 1433 lta
1846 1370 2044 1434 Ulixes
2087 1370 2270 1452 ipsius
2315 1369 2480 1433 inso-

467 1522 644 1586 lentia
704 1532 765 1597 et
806 1526 1077 1607 superbia
1091 1476 1117 1599 ,ι
1170 1545 1282 1608 qua
1325 1527 1667 1607 Neptunum
1712 1525 1968 1600 violarat,
2013 1525 2314 1589 molestias
2355 1524 2483 1587 illas

467 1635 539 1742 et·
588 1679 818 1744 dolores
855 1681 966 1744 sibi
1018 1681 1400 1764 comparavit:
1456 1681 1771 1762 remigium
1822 1680 1975 1762 ejus,
2019 1680 2071 1742 si
2112 1680 2481 1743 moderatum

468 1844 629 1898 esset
673 1837 1115 1927 cupiditatibus,
1174 1834 1472 1900 servatum
1516 1843 1701 1912 esset3
1756 1836 1939 1917 proci,
1983 1853 2121 1899 cum
2164 1842 2292 1898 tam
2339 1835 2483 1899 deos

468 2008 646 2071 quam
692 1990 961 2054 homines
1004 1999 1483 2066 contemnerent,
1543 1992 1746 2074 dignas
1788 1991 2056 2073 ipsorum
2103 1990 2483 2072 improbitate

471 2152 534 2207 et
584 2147 899 2210 sceleribus
953 2165 1170 2234 poenas
1225 2148 1531 2210 dederunt.
1552 2213 1581 2229 .,
1621 2147 1795 2229 ajax,
1848 2147 1996 2211 Oilei
2039 2147 2192 2211 filius
2234 2146 2484 2229 superba

476 2306 539 2367 in
566 2304 709 2367 deos
737 2304 1047 2366 insolentia
1075 2304 1201 2383 ipse
1230 2302 1500 2385 supplicii
1522 2302 1614 2366 sui
1639 2259 1845 2367 auctor
1865 2303 2055 2368 factus
2077 2310 2188 2368 est.
2234 2302 2485 2370 Achilles

473 2451 533 2505 et
552 2444 914 2523 Agamemno
936 2461 1043 2522 per
1065 2441 1255 2524 jurgia
1283 2427 1520 2503 maxsibi
1547 2441 1691 2522 ipsis
1714 2442 2071 2506 calamitates
2093 2442 2373 2522 colligunt
2393 2449 2482 2505 et:

475 2581 611 2679 quid
660 2598 797 2679 quid
847 2598 1098 2661 delirant
1150 2616 1312 2677 reyes
1367 2598 1702 2678 plectuntur
1745 2595 1943 2661 Achivi
2002 2597 2170 2672 (Hoc.
2212 2598 2395 2679 Epist.
2438 2598 2484 2671 1,

475 2752 535 2827 2,
588 2755 711 2830 14).
799 2753 952 2834 Quid
1011 2752 1169 2834 quod
1226 2753 1382 2817 laesa
1438 2753 1512 2814 ab
1556 2752 1884 2815 Alexandro
1929 2753 2170 2835 hospitii
2208 2754 2486 2819 sanctitas

474 2907 816 2990 saepissime
860 2907 1146 2971 universis
1176 2907 1532 2987 exprobatur
1553 2908 1840 2990 Trojanis‚
1885 2909 2092 2973 eodem
2122 2910 2321 2984 modo,
2366 2929 2489 2992 quo

474 3055 848 3147 Hes.‘'Ean
890 3084 948 3125 κ.
994 3055 1055 3148 ἦ.
1102 3083 1154 3123 v.
1201 3061 1344 3124 213.

875 3264 1198 3351 πολλάκι,
1253 3272 1476 3355 inquit,
1519 3266 1636 3335 καὶ
1674 3270 1994 3353 συμπᾶσα
2032 3251 2239 3348 adhc
2280 3268 2486 3336 κακυῦ

1679 3417 1914 3509 ἀνδρὸς
1958 3417 2248 3511 α’πηύρα,

878 3573 1064 3657 ὅστις
1137 3574 1503 3667 ἀλιτραίνει
1589 3577 1703 3645 καὶ
1772 3573 2131 3645 ἀτάσθαλα
2192 3574 2482 3667 μηχανά-

1675 3757 1852 3799 atat.
