2850 4567
1488 1546 1625 1613 „Est
1657 1546 1803 1600 nobis
1836 1512 2065 1601 voluisse
2102 1505 2285 1599 satis.“

603 1761 750 1825 Tres
803 1760 1112 1845 praecipue
1153 1709 1295 1825 sunt
1336 1777 1563 1836 causae,
1608 1758 1819 1842 quihus
1859 1758 1920 1824 in
1963 1757 2204 1822 Homeri
2247 1760 2319 1822 de
2359 1759 2482 1822 fato

478 1914 868 2018 investiganfla
934 1915 1207 2000 opinione
1270 1889 1475 1979 contra
1538 1915 1760 1980 multos
1824 1932 2043 1998 eosque
2109 1912 2483 1978 doctissimos

477 2070 633 2135 viros
686 2071 1074 2150 contendere,
1122 2071 1319 2135 Iovem
1365 2090 1399 2134 a
1441 2076 1618 2154 poeta
1659 2070 1781 2134 fato
1824 2069 2162 2134 inferiorem
2207 2087 2333 2137 esse
2375 2069 2481 2132 de-

479 2224 785 2307 scriptum,
828 2226 1202 2291 adducimur:
1246 2224 1507 2310 primum
1554 2224 1711 2307 quod
1756 2224 1976 2287 multos
2020 2223 2323 2288 continent
2351 2223 2484 2287 libri

466 2375 667 2441 'Iliadis
720 2386 779 2441 et
821 2377 1110 2461 Odysseae
1162 2379 1355 2454 locos,
1394 2371 1471 2442 'in
1515 2378 1727 2461 quibus
1781 2377 2001 2462 liquido
2060 2345 2232 2442 docet
2286 2384 2480 2461 poeta,

478 2533 678 2596 Iovem
744 2551 878 2597 cum
928 2531 1183 2616 ‘reliquis
1247 2532 1357 2597 diis
1421 2533 1533 2597 suh
1598 2534 1843 2617 imperio
1910 2540 1969 2597 et
2031 2540 2316 2617 potestate
2380 2506 2485 2598 fati

476 2683 691 2762 fuisse,
748 2681 959 2751 deinde
1014 2686 1172 2769 quod
1223 2705 1508 2772 persaepe
1562 2687 1776 2752 diserte
1817 2689 2059 2763 indicat,
2120 2687 2316 2752 lovem
2360 2707 2484 2753 non

478 2841 658 2907 modo
726 2842 1083 2906 voluntatem
1148 2841 1425 2924 iussaque
1491 2842 1594 2907 rati
1659 2862 1786 2907 esse
1839 2850 2182 2908 exsecutum
2200 2890 2215 2919 ,
2279 2861 2482 2907 verum

479 2993 655 3063 etiam
707 2989 1078 3081 impedivisse
1093 3044 1108 3074 ,
1167 3015 1242 3062 ne
1303 2997 1446 3082 quid
1499 2949 1701 3063 eontra
1752 2998 1856 3061 fati
1913 2943 2142 3062 decreta
2185 3000 2362 3063 ceteri
2406 3000 2486 3063 dii

479 3159 540 3218 et
579 3153 851 3218 homines
895 3160 1132 3236 agerent
1174 3173 1243 3219 ae
1284 3152 1654 3217 molirentur.
1710 3152 1932 3215 -Tertia
1972 3152 2222 3234 denique
2265 3153 2487 3218 aceedit

468 3325 650 3374 'causa
663 3358 680 3386 ‚
734 3309 891 3393 quod
946 3316 1155 3393 poetae
1208 3316 1269 3374 et
1321 3308 1635 3391 scriptores
1689 3308 1975 3372 seriorum
2030 3304 2302 3372 aetatum
2341 3328 2484 3372 ean-

480 3464 614 3527 dem
660 3463 899 3528 Homeri
952 3462 1305 3529 sententiam
1358 3462 1546 3527 secuti
1598 3462 1661 3527 in
1704 3462 1935 3546 seriptis
1974 3462 2264 3547 prolatam
2308 3461 2482 3546 atque

479 3636 819 3703 expressam
861 3618 1030 3683 nobis
1070 3624 1431 3703 proponunt.
1491 3655 1496 3661 ·

608 3773 998 3839 Enuoleemus
1041 3792 1201 3839 nuno
1241 3774 1495 3858 primam
1539 3793 1795 3840 causam.
